@book{local:htdc,
  title = "How to Design Classes (Draft)",
  year = "2012",
  url = "http://www.ccs.neu.edu/home/matthias/htdc.html",
  author = "Matthias Felleisen and Matthew Flatt and Robert Bruce Findler and Kathryn E. Gray and Shriram Krishnamurthi and Viera K. Proulx"
}

@book{local:dpc,
  title = "Designing Programs with Class (Draft)",
  year = "2013",
  url = "https://github.com/dvanhorn/dpc",
  author = "Sam Tobin-Hochstadt and David Van Horn"
}

@techreport{local:check-expect,
    institution = {University of Utah},
    number = {UUCS-07-013},
year = "2007",
author = "Kathryn E. Gray and Matthias Felleisen",
title = "Linguistic Support for Unit Tests",
}

@misc{local:c0,
  author = "Frank Pfennig",
  title = "C0 Reference",
  year  = "2011", 
  url = "http://c0.typesafety.net/doc/c0-reference.pdf"
}